<?xml version="1.0" encoding="UTF-8"?><collection xmlns="http://www.loc.gov/MARC21/slim"><record><leader>00521nam--2200193-u-4500</leader><controlfield tag="001">000055778</controlfield><controlfield tag="002">20161230</controlfield><controlfield tag="005">20161230201052</controlfield><controlfield tag="008">130417s1000------------r-----000-0-fre-d</controlfield><datafield ind1=" " ind2=" " tag="041"><subfield code="a">fre</subfield></datafield><datafield ind1=" " ind2=" " tag="080"><subfield code="a">537(075)</subfield></datafield><datafield ind1="1" ind2=" " tag="100"><subfield code="a">Bouasse, H</subfield></datafield><datafield ind1="1" ind2="0" tag="245"><subfield code="a">Cours de physique tome troisieme</subfield><subfield code="b">Cours de magnetisme et d'electricite</subfield></datafield><datafield ind1=" " ind2=" " tag="250"><subfield code="a">Quatrieme Edition</subfield></datafield><datafield ind1=" " ind2=" " tag="260"><subfield code="a">Paris</subfield><subfield code="b">Librairie Delagrave</subfield><subfield code="c">1921</subfield></datafield><datafield ind1=" " ind2=" " tag="300"><subfield code="a">XV+448P</subfield></datafield><datafield ind1=" " ind2=" " tag="490"><subfield code="a">Biblioteque Scientifique</subfield></datafield><datafield ind1=" " ind2=" " tag="852"><subfield code="a">72052</subfield><subfield code="c">H.H</subfield></datafield><datafield ind1=" " ind2=" " tag="CAT"><subfield code="a">Sys</subfield><subfield code="c">20130417</subfield><subfield code="h">165700</subfield></datafield></record></collection>